@article{Kitagawa.2018, 
title = {{Who Should Be Treated? Empirical Welfare Maximization Methods for Treatment Choice}}, 
author = {Kitagawa, Toru and Tetenov, Aleksey}, 
journal = {Econometrica}, 
issn = {0012-9682}, 
doi = {10.3982/ecta13288},  
pages = {591--616}, 
number = {2}, 
volume = {86}, 
keywords = {Empirical Welfare Maximization,Treatment Rule}, 
local-url = {file://localhost/Users/wonjun/Library/Mobile%20Documents/com~apple~CloudDocs/PapersLibrary/2018/Kitagawa_2018_Econometrica_Who%20Should%20Be%20Treated-%20Empirical%20Welfare%20Maximization%20Methods%20for%20Treatment%20Choice.pdf}, 
year = {2018}
}
@article{uze, 
title = {{swaminathan15.pdf}}, 
author = {}, 
local-url = {file://localhost/Users/wonjun/Library/Mobile%20Documents/com~apple~CloudDocs/PapersLibrary/swaminathan15.pdf}
}
@article{Manski.2004, 
title = {{Statistical Treatment Rules for Heterogeneous Populations}}, 
author = {Manski, Charles F.}, 
journal = {Econometrica}, 
issn = {1468-0262}, 
doi = {10.1111/j.1468-0262.2004.00530.x}, 
pages = {1221--1246}, 
number = {4}, 
volume = {72}, 
keywords = {Treatment Rule}, 
local-url = {file://localhost/Users/wonjun/Library/Mobile%20Documents/com~apple~CloudDocs/PapersLibrary/2004/Manski_2004_Econometrica_Statistical%20Treatment%20Rules%20for%20Heterogeneous%20Populations.pdf}, 
year = {2004}
}
@article{Demirer.2019, 
title = {{Semi-Parametric Efficient Policy Learning with Continuous Actions}}, 
author = {Demirer, Mert and Syrgkanis, Vasilis and Lewis, Greg and Chernozhukov, Victor}, 
journal = {arXiv.org}, 
url = {arXiv.org}, 
keywords = {Policy Learning}, 
local-url = {file://localhost/Users/wonjun/Library/Mobile%20Documents/com~apple~CloudDocs/PapersLibrary/2019/Demirer_2019_arXiv.org_Semi-Parametric%20Efficient%20Policy%20Learning%20with%20Continuous%20Actions.pdf}, 
year = {2019}, 
rating = {0}
}
@article{Zhou.2017, 
title = {{Residual Weighted Learning for Estimating Individualized Treatment Rules}}, 
author = {Zhou, Xin and Mayer-Hamblett, Nicole and Khan, Umer and Kosorok, Michael R.}, 
journal = {Journal of the American Statistical Association}, 
issn = {0162-1459}, 
doi = {10.1080/01621459.2015.1093947}, 
pmid = {28943682}, 
pages = {169--187}, 
number = {517}, 
volume = {112}, 
local-url = {file://localhost/Users/wonjun/Library/Mobile%20Documents/com~apple~CloudDocs/PapersLibrary/2017/Zhou_2017_Journal%20of%20the%20American%20Statistical%20Association_Residual%20Weighted%20Learning%20for%20Estimating%20Individualized%20Treatment%20Rules.pdf}, 
year = {2017}
}
@article{Athey.2017txo, 
title = {{Policy Learning with Observational Data}}, 
author = {Athey, Susan and Wager, Stefan}, 
journal = {arXiv}, 
eprint = {1702.02896}, 
local-url = {file://localhost/Users/wonjun/Library/Mobile%20Documents/com~apple~CloudDocs/PapersLibrary/2017/Athey_2017_arXiv_Policy%20Learning%20with%20Observational%20Data.pdf}, 
year = {2017}
}
@article{Kallus.2018, 
title = {{Policy Evaluation and Optimization with Continuous Treatments}}, 
author = {Kallus, Nathan and Zhou, Angela}, 
journal = {arXiv}, 
eprint = {1802.06037}, 
local-url = {file://localhost/Users/wonjun/Library/Mobile%20Documents/com~apple~CloudDocs/PapersLibrary/2018/Kallus_2018_arXiv_Policy%20Evaluation%20and%20Optimization%20with%20Continuous%20Treatments.pdf}, 
year = {2018}
}
@article{Foster.2019, 
title = {{Orthogonal Statistical Learning}}, 
author = {Foster, Dylan J and Syrgkanis, Vasilis}, 
journal = {arXiv}, 
eprint = {1901.09036}, 
local-url = {file://localhost/Users/wonjun/Library/Mobile%20Documents/com~apple~CloudDocs/PapersLibrary/2019/Foster_2019_arXiv_Orthogonal%20Statistical%20Learning.pdf}, 
year = {2019}
}
@article{Zhou.2018, 
title = {{Offline Multi-Action Policy Learning: Generalization and Optimization}}, 
author = {Zhou, Zhengyuan and Athey, Susan and Wager, Stefan}, 
journal = {arXiv}, 
eprint = {1810.04778}, 
local-url = {file://localhost/Users/wonjun/Library/Mobile%20Documents/com~apple~CloudDocs/PapersLibrary/2018/Zhou_2018_arXiv_Offline%20Multi-Action%20Policy%20Learning-%20Generalization%20and%20Optimization.pdf}, 
year = {2018}
}
@article{Dimakopoulou.2017, 
title = {{Estimation Considerations in Contextual Bandits}}, 
author = {Dimakopoulou, Maria and Zhou, Zhengyuan and Athey, Susan and Imbens, Guido}, 
journal = {arXiv}, 
eprint = {1711.07077}, 
keywords = {Contextual Bandits,Machine Learning}, 
local-url = {file://localhost/Users/wonjun/Library/Mobile%20Documents/com~apple~CloudDocs/PapersLibrary/2017/Dimakopoulou_2017_arXiv_Estimation%20Considerations%20in%20Contextual%20Bandits.pdf}, 
year = {2017}
}
@article{Zhao.2012, 
title = {{Estimating Individualized Treatment Rules Using Outcome Weighted Learning}}, 
author = {Zhao, Yingqi and Zeng, Donglin and Rush, A. John and Kosorok, Michael R.}, 
journal = {Journal of the American Statistical Association}, 
issn = {0162-1459}, 
doi = {10.1080/01621459.2012.695674}, 
pmid = {23630406}, 
pages = {1106--1118}, 
number = {499}, 
volume = {107}, 
local-url = {file://localhost/Users/wonjun/Library/Mobile%20Documents/com~apple~CloudDocs/PapersLibrary/2012/Zhao_2012_Journal%20of%20the%20American%20Statistical%20Association_Estimating%20Individualized%20Treatment%20Rules%20Using%20Outcome%20Weighted%20Learning.pdf}, 
year = {2012}
}
@article{Dudik.2011, 
title = {{Doubly Robust Policy Evaluation and Learning}}, 
author = {Dudik and Langford and Li}, 
keywords = {Machine Learning,policy evaluation}, 
local-url = {file://localhost/Users/wonjun/Library/Mobile%20Documents/com~apple~CloudDocs/PapersLibrary/2011/dudiklangfordli2011.pdf}, 
year = {2011}
}
@article{Krishnamurthy.2019, 
title = {{Contextual Bandits with Continuous Actions: Smoothing, Zooming, and Adapting}}, 
author = {Krishnamurthy, Akshay and Langford, John and Slivkins, Aleksandrs and Zhang, Chicheng}, 
journal = {arXiv}, 
eprint = {1902.01520}, 
local-url = {file://localhost/Users/wonjun/Library/Mobile%20Documents/com~apple~CloudDocs/PapersLibrary/2019/Krishnamurthy_2019_arXiv_Contextual%20Bandits%20with%20Continuous%20Actions-%20Smoothing,%20Zooming,%20and%20Adapting.pdf}, 
year = {2019}
}
@article{dhn, 
title = {{15732\_OnlineAppendix.pdf}}, 
author = {}, 
local-url = {file://localhost/Users/wonjun/Library/Mobile%20Documents/com~apple~CloudDocs/PapersLibrary/15732_OnlineAppendix.pdf}
}

@article{Hirano.2009, 

	title = {{Asymptotics for Statistical Treatment Rules}}, 

	author = {Hirano, Keisuke and Porter, Jack R.}, 

	journal = {Econometrica}, 

	issn = {1468-0262}, 

	doi = {10.3982/ecta6630}, 
 

	pages = {1683--1701}, 

	number = {5}, 

	volume = {77}, 

	local-url = {file://localhost/Users/wonjun/Library/Mobile%20Documents/com~apple~CloudDocs/PapersLibrary/2009/Hirano_2009_Econometrica_Asymptotics%20for%20Statistical%20Treatment%20Rules.pdf}, 

	year = {2009}

}

@article{Stoye.2009, 

	title = {{Minimax regret treatment choice with finite samples}}, 

	author = {Stoye, JÃ¶rg}, 

	journal = {Journal of Econometrics}, 

	issn = {0304-4076}, 

	doi = {10.1016/j.jeconom.2009.02.013}, 

	pages = {70--81}, 

	number = {1}, 

	volume = {151}, 

	local-url = {file://localhost/Users/wonjun/Library/Mobile%20Documents/com~apple~CloudDocs/PapersLibrary/2009/Stoye_2009_Journal%20of%20Econometrics_Minimax%20regret%20treatment%20choice%20with%20finite%20samples.pdf}, 

	year = {2009}

}

@article{wald1950statistical,
	title={Statistical decision functions.},
	author={Wald, Abraham},
	year={1950},
	publisher={Wiley}
}

@book{imbens2015causal,
	title={Causal inference in statistics, social, and biomedical sciences},
	author={Imbens, Guido W and Rubin, Donald B},
	year={2015},
	publisher={Cambridge University Press}
}

@book{van2000asymptotic,
	title={Asymptotic statistics},
	author={Van der Vaart, Aad W},
	volume={3},
	year={2000},
	publisher={Cambridge university press}
}

@book{van1996weak,
	title={Weak convergence and empirical processes},
	author={Van Der Vaart, Aad W and Wellner, Jon A},
	year={1996},
	publisher={Springer}
}

@book{wainwright2019high,
	title={High-dimensional statistics: A non-asymptotic viewpoint},
	author={Wainwright, Martin J},
	volume={48},
	year={2019},
	publisher={Cambridge University Press}
}

@book{mohri2018foundations,
	title={Foundations of machine learning},
	author={Mohri, Mehryar and Rostamizadeh, Afshin and Talwalkar, Ameet},
	year={2018},
	publisher={MIT press}
}